@incollection{Bengio+chapter2007,
author = {Bengio, Yoshua and LeCun, Yann},
booktitle = {Large Scale Kernel Machines},
publisher = {MIT Press},
title = {Scaling Learning Algorithms Towards {AI}},
year = {2007}
}

@article{Hinton06,
author = {Hinton, Geoffrey E. and Osindero, Simon and Teh, Yee Whye},
journal = {Neural Computation},
pages = {1527--1554},
title = {A Fast Learning Algorithm for Deep Belief Nets},
volume = {18},
year = {2006}
}

@book{goodfellow2016deep,
title={Deep learning},
author={Goodfellow, Ian and Bengio, Yoshua and Courville, Aaron and Bengio, Yoshua},
volume={1},
year={2016},
publisher={MIT Press}
}

@article{simonyan2014very,
  title={Very deep convolutional networks for large-scale image recognition},
  author={Simonyan, Karen and Zisserman, Andrew},
  journal={arXiv preprint arXiv:1409.1556},
  year={2014}
}

@INPROCEEDINGS{Pacheco2000Diatom,
  author={Pech-Pacheco, J.L. and Cristobal, G. and Chamorro-Martinez, J. and Fernandez-Valdivia, J.},
  booktitle={15th International Conference on Pattern Recognition}, 
  title={Diatom autofocusing in brightfield microscopy: a comparative study}, 
  year={2000}
  }

@inproceedings{Heusel2017GANsTB,
  title={GANs Trained by a Two Time-Scale Update Rule Converge to a Local Nash Equilibrium},
  author={Martin Heusel and Hubert Ramsauer and Thomas Unterthiner and Bernhard Nessler and S. Hochreiter},
  booktitle={Advances in Neural Information Processing Systems},
  year={2017}
}

@misc{valle2018tequilagan,
      title={TequilaGAN: How to easily identify GAN samples}, 
      author={Rafael Valle and Wilson Cai and Anish Doshi},
      year={2018},
      eprint={1807.04919},
      archivePrefix={arXiv},
      primaryClass={cs.LG}
}

@inproceedings{chollet2017xception,
  title={Xception: Deep learning with depthwise separable convolutions},
  author={Chollet, Fran{\c{c}}ois},
  booktitle={IEEE conference on computer vision and pattern recognition},
  pages={1251--1258},
  year={2017}
}

@inproceedings{deng2009imagenet,
  title={Imagenet: A large-scale hierarchical image database},
  author={Deng, Jia and Dong, Wei and Socher, Richard and Li, Li-Jia and Li, Kai and Fei-Fei, Li},
  booktitle={IEEE conference on computer vision and pattern recognition},
  pages={248--255},
  year={2009},
  organization={Ieee}
}

@Article{liu2022convnet,
  author  = {Zhuang Liu and Hanzi Mao and Chao-Yuan Wu and Christoph Feichtenhofer and Trevor Darrell and Saining Xie},
  title   = {A ConvNet for the 2020s},
  journal = {IEEE/CVF Conference on Computer Vision and Pattern Recognition},
  year    = {2022},
}
@inproceedings{tan2019efficientnet,
  title={Efficientnet: Rethinking model scaling for convolutional neural networks},
  author={Tan, Mingxing and Le, Quoc},
  booktitle={International conference on machine learning},
  pages={6105--6114},
  year={2019},
  organization={PMLR}
}

@inproceedings{he2016deep,
  title={Deep residual learning for image recognition},
  author={He, Kaiming and Zhang, Xiangyu and Ren, Shaoqing and Sun, Jian},
  booktitle={IEEE conference on computer vision and pattern recognition},
  pages={770--778},
  year={2016}
}

@article{Marra2018DetectionOG,
  title={Detection of GAN-Generated Fake Images over Social Networks},
  author={Francesco Marra and Diego Gragnaniello and D. Cozzolino and L. Verdoliva},
  journal={IEEE Conference on Multimedia Information Processing and Retrieval},
  year={2018},
  pages={384-389}
}
@article{dolhansky2019deepfake,
  title={The deepfake detection challenge (dfdc) preview dataset},
  author={Dolhansky, Brian and Howes, Russ and Pflaum, Ben and Baram, Nicole and Ferrer, Cristian Canton},
  journal={arXiv/1910.08854},
  year={2019}
}
@article{tolosana2020deepfakes,
  title={Deepfakes and beyond: A survey of face manipulation and fake detection},
  author={Tolosana, Ruben and Vera-Rodriguez, Ruben and Fierrez, Julian and Morales, Aythami and Ortega-Garcia, Javier},
  journal={Information Fusion},
  year={2020},
}

@inproceedings{liang2021swinir,
    title={SwinIR: Image Restoration Using Swin Transformer},
    author={Liang, Jingyun and Cao, Jiezhang and Sun, Guolei and Zhang, Kai and Van Gool, Luc and Timofte, Radu},
    booktitle={IEEE International Conference on Computer Vision Workshops},
    year={2021}
}

@inproceedings{chen2021learning,
  title={Learning continuous image representation with local implicit image function},
  author={Chen, Yinbo and Liu, Sifei and Wang, Xiaolong},
  booktitle={IEEE conference on computer vision and pattern recognition},
  pages={8628--8638},
  year={2021}
}

@InProceedings{wang2021realesrgan,
    author    = {Xintao Wang and Liangbin Xie and Chao Dong and Ying Shan},
    title     = {Real-ESRGAN: Training Real-World Blind Super-Resolution with Pure Synthetic Data},
    booktitle = {International Conference on Computer Vision Workshops (ICCVW)},
    year      = {2021}
}
@InProceedings{Mei_2021_CVPR,
    author    = {Mei, Yiqun and Fan, Yuchen and Zhou, Yuqian},
    title     = {Image Super-Resolution With Non-Local Sparse Attention},
    booktitle = {IEEE conference on computer vision and pattern recognition},
    month     = {June},
    year      = {2021},
    pages     = {3517-3526}
}

@inproceedings{wang2019cnngenerated,
  title={CNN-generated images are surprisingly easy to spot...for now},
  author={Wang, Sheng-Yu and Wang, Oliver and Zhang, Richard and Owens, Andrew and Efros, Alexei A},
  booktitle={IEEE conference on computer vision and pattern recognition},
  year={2020}
}

@article{van2008visualizing,
  title={Visualizing data using t-SNE.},
  author={Van der Maaten, Laurens and Hinton, Geoffrey},
  journal={Journal of Machine Learning Research},
  volume={9},
  number={11},
  year={2008}
}

@inproceedings{rssler2019faceforensics,
	author = {Andreas R\"ossler and Davide Cozzolino and Luisa Verdoliva and Christian Riess and Justus Thies and Matthias Nie{\ss}ner},
	title = {Face{F}orensics++: Learning to Detect Manipulated Facial Images},
	booktitle= {IEEE International Conference on Computer Vision},
	year = {2019}
}

@misc{dolhansky2020deepfake,
    title={The DeepFake Detection Challenge Dataset},
    author={Brian Dolhansky and Joanna Bitton and Ben Pflaum and Jikuo Lu and Russ Howes and Menglin Wang and Cristian Canton Ferrer},
    year={2020},
    eprint={2006.07397},
    archivePrefix={arXiv},
    primaryClass={cs.CV}
}

@article{Zhang2019DetectingAS,
  title={Detecting and Simulating Artifacts in GAN Fake Images},
  author={X. Zhang and Svebor Karaman and Shih-Fu Chang},
  journal={IEEE International Workshop on Information Forensics and Security},
  year={2019},
  pages={1-6}
}

@misc{frank2020leveraging,
      title={Leveraging Frequency Analysis for Deep Fake Image Recognition}, 
      author={Joel Frank and Thorsten Eisenhofer and Lea Sch√∂nherr and Asja Fischer and Dorothea Kolossa and Thorsten Holz},
      year={2020},
      eprint={2003.08685},
      archivePrefix={arXiv},
      primaryClass={cs.CV}
}
@misc{guarnera2020deepfake,
      title={DeepFake Detection by Analyzing Convolutional Traces}, 
      author={Luca Guarnera and Oliver Giudice and Sebastiano Battiato},
      year={2020},
      eprint={2004.10448},
      archivePrefix={arXiv},
      primaryClass={cs.CV}
}

@article{Agarwal2019ProtectingWL,
  title={Protecting World Leaders Against Deep Fakes},
  author={Shruti Agarwal and H. Farid and Yuming Gu and Mingming He and K. Nagano and H. Li},
  booktitle={IEEE Conference on Computer Vision and Pattern Recognition Workshops},
  year={2019}
}

@article{Mittal2020EmotionsDL,
  title={Emotions Don't Lie: An Audio-Visual Deepfake Detection Method using Affective Cues},
  author={Trisha Mittal and Uttaran Bhattacharya and Rohan Chandra and Aniket Bera and D. Manocha},
  journal={28th ACM International Conference on Multimedia},
  year={2020}
}

@article{Conotter2014PhysiologicallybasedDO,
  title={Physiologically-based detection of computer generated faces in video},
  author={V. Conotter and E. Bodnari and G. Boato and H. Farid},
  journal={IEEE International Conference on Image Processing},
  year={2014},
  pages={248-252}
}

@article{Li2018InIO,
  title={In Ictu Oculi: Exposing AI Created Fake Videos by Detecting Eye Blinking},
  author={Yuezun Li and Ming-Ching Chang and Siwei Lyu},
  journal={IEEE International Workshop on Information Forensics and Security},
  year={2018},
  pages={1-7}
}

% - deepfake /GAN attribution
% - watermarking
@inproceedings{adi2018turning,
  title={Turning your weakness into a strength: Watermarking deep neural networks by backdooring},
  author={Adi, Yossi and Baum, Carsten and Cisse, Moustapha and Pinkas, Benny and Keshet, Joseph},
  booktitle={27th USENIX Security Symposium (USENIX Security 18)},
  year={2018}
}

@article{Skripniuk2020BlackBoxWF,
  title={Black-Box Watermarking for Generative Adversarial Networks},
  author={Vladislav Skripniuk and Ning Yu and Sahar Abdelnabi and Mario Fritz},
  journal={ArXiv/2007.08457},
  year={2020},
}

@inproceedings{Zhang2020ModelWF,
  title={Model Watermarking for Image Processing Networks},
  author={J. Zhang and Dongdong Chen and Jing Liao and Han Fang and Weiming Zhang and Wenbo Zhou and Hao Cui and Nenghai Yu},
  booktitle={AAAI Conference on Artificial Intelligence},
  year={2020}
}

@article{Hayes2020TowardsTP,
  title={Towards transformation-resilient provenance detection of digital media},
  author={J. Hayes and Krishnamurthy Dvijotham and Yutian Chen and S. Dieleman and P. Kohli and Norman Casagrande},
  journal={arXiv/2011.07355},
  year={2020},
}

@inproceedings{yu2021artificial,
  title={Artificial fingerprinting for generative models: Rooting deepfake attribution in training data},
  author={Yu, Ning and Skripniuk, Vladislav and Abdelnabi, Sahar and Fritz, Mario},
  booktitle={Proceedings of the IEEE/CVF International Conference on Computer Vision},
  pages={14448--14457},
  year={2021}
}

@inproceedings{jain2021improving,
  title={Improving generalization of deepfake detection by training for attribution},
  author={Jain, Anubhav and Korshunov, Pavel and Marcel, S{\'e}bastien},
  booktitle={International Workshop on Multimedia Signal Processing (MMSP)},
  year={2021}
}

@misc{wang2020basicsr,
  author =       {Xintao Wang and Ke Yu and Kelvin C.K. Chan and
                  Chao Dong and Chen Change Loy},
  title =        {{BasicSR}: Open Source Image and Video Restoration Toolbox},
  howpublished = {\url{https://github.com/xinntao/BasicSR}},
  year =         {2018}
}

@ARTICLE{Dabov2007Image,
  author={Dabov, Kostadin and Foi, Alessandro and Katkovnik, Vladimir and Egiazarian, Karen},
  journal={IEEE Transactions on Image Processing}, 
  title={Image Denoising by Sparse 3-D Transform-Domain Collaborative Filtering}, 
  year={2007},
  volume={16},
  number={8},
  pages={2080-2095},
  doi={10.1109/TIP.2007.901238}}

% - forensic approaches
@article{zhang2020deepfake,
      title={On Attribution of Deepfakes}, 
      author={Baiwu Zhang and Jin Peng Zhou and Ilia Shumailov and Nicolas Papernot},
      year={2021},
      journal={ArXiv/2007.08457},
    eprint={2008.09194},
      archivePrefix={arXiv},
      primaryClass={cs.LG}
}

@inproceedings{marra2018gans,
      title={Do GANs leave artificial fingerprints?}, 
      author={Francesco Marra and Diego Gragnaniello and Luisa Verdoliva and Giovanni Poggi},
      year={2019},
      booktitle={IEEE Conference on Multimedia Information Processing and Retrieval}
}
@article{Albright2019SourceGA,
  title={Source Generator Attribution via Inversion},
  author={Michael Albright and S. McCloskey},
  journal={IEEE Conference on Computer Vision and Pattern Recognition Workshops},
  year={2019},
}
@article{Chen2019GANLeaksAT,
  title={GAN-Leaks: A Taxonomy of Membership Inference Attacks against GANs},
  author={Dingfan Chen and Ning Yu and Y. Zhang and Mario Fritz},
  journal={ArXiv},
  year={2019},
  volume={abs/1909.03935}
}
@article{Goebel2020DetectionAA,
  title={Detection, Attribution and Localization of GAN Generated Images},
  author={Michael Goebel and L. Nataraj and Tejaswi Nanjundaswamy and T. Mohammed and S. Chandrasekaran and B. S. Manjunath},
  journal={arXiv/2007.10466},
  year={2020},
}

@inproceedings{yu2019attributing,
  title={Attributing fake images to gans: Learning and analyzing gan fingerprints},
  author={Yu, Ning and Davis, Larry S and Fritz, Mario},
  booktitle={IEEE International Conference on Computer Vision},
  year={2019}
}
@article{Xuan2019ScalableFG,
  title={Scalable Fine-grained Generated Image Classification Based on Deep Metric Learning},
  author={Xinsheng Xuan and B. Peng and Wei Wang and Jing Dong},
  journal={ArXiv/1912.11082},
  year={2019},
}

@article{Guarnera_2020,
   title={Fighting Deepfake by Exposing the Convolutional Traces on Images},
   journal={IEEE Access},
   publisher={Institute of Electrical and Electronics Engineers (IEEE)},
   author={Guarnera, Luca and Giudice, Oliver and Battiato., Sebastiano},
   year={2020},
}
% - standard image source forensics
@phdthesis{marra2017source,
    author = {Marra, Francesco},
    school = {DIETI, University Federico II of Naples},
    year = {2017},
    month = {01},
    pages = {},
    title = {Source identification in image forensics},
    doi = {10.13140/RG.2.2.26504.67844}
}

@article{jimaging6030009,
    AUTHOR = {Yang, Pengpeng and Baracchi, Daniele and Ni, Rongrong and Zhao, Yao and Argenti, Fabrizio and Piva, Alessandro},
    TITLE = {A Survey of Deep Learning-Based Source Image Forensics},
    JOURNAL = {Journal of Imaging},
    VOLUME = {6},
    YEAR = {2020},
    NUMBER = {3},
    ARTICLE-NUMBER = {9},
    URL = {https://www.mdpi.com/2313-433X/6/3/9},
    ISSN = {2313-433X},
    DOI = {10.3390/jimaging6030009}
}

@inproceedings{Yang2016RecaptureIF,
  title={Recapture Image Forensics Based on Laplacian Convolutional Neural Networks},
  author={Pengpeng Yang and R. Ni and Y. Zhao},
  booktitle={International Workshop on Digital Watermarking},
  year={2016}
}

@inproceedings{Choi2017ContentRD,
  title={Content Recapture Detection Based on Convolutional Neural Networks},
  author={Hak-Yeol Choi and H. Jang and Jeongho Son and Dongkyu Kim and H. Lee},
  booktitle={International Conference on Information Science and Applications},
  year={2017}
}

@article{Agarwal2018ADL,
  title={A Diverse Large-Scale Dataset for Evaluating Rebroadcast Attacks},
  author={S. Agarwal and Wei Fan and H. Farid},
  journal={IEEE International Conference on Acoustics, Speech and Signal Processing},
  year={2018},
  pages={1997-2001}
}
% - super-resolution
@InProceedings{Agustsson_2017_CVPR_Workshops,
	author = {Agustsson, Eirikur and Timofte, Radu},
	title = {NTIRE 2017 Challenge on Single Image Super-Resolution: Dataset and Study},
	booktitle = {IEEE Conference on Computer Vision and Pattern Recognition Workshops},
	month = {July},
	year = {2017}
} 
@InProceedings{lim2017enhanced,
  author = {Lim, Bee and Son, Sanghyun and Kim, Heewon and Nah, Seungjun and Lee, Kyoung Mu},
  title = {Enhanced Deep Residual Networks for Single Image Super-Resolution},
  booktitle = {IEEE Conference on Computer Vision and Pattern Recognition Workshops},
  month = {July},
  year = {2017}
}

@misc{gu2020interpreting,
      title={Interpreting Super-Resolution Networks with Local Attribution Maps}, 
      author={Jinjin Gu and Chao Dong},
      year={2020},
      eprint={2011.11036},
      archivePrefix={arXiv},
      primaryClass={cs.CV}
}
@misc{mei2020image,
    title={Image Super-Resolution with Cross-Scale Non-Local Attention and Exhaustive Self-Exemplars Mining},
    author={Yiqun Mei and Yuchen Fan and Yuqian Zhou and Lichao Huang and Thomas S. Huang and Humphrey Shi},
    year={2020},
    eprint={2006.01424},
    archivePrefix={arXiv},
    primaryClass={cs.CV}
}

@inproceedings{zhang2018residual,
    title={Residual Dense Network for Image Super-Resolution},
    author={Zhang, Yulun and Tian, Yapeng and Kong, Yu and Zhong, Bineng and Fu, Yun},
    booktitle={IEEE conference on computer vision and pattern recognition},
    year={2018}
}

@inproceedings{zhang2018image,
    title={Image Super-Resolution Using Very Deep Residual Channel Attention Networks},
    author={Zhang, Yulun and Li, Kunpeng and Li, Kai and Wang, Lichen and Zhong, Bineng and Fu, Yun},
    booktitle={European Conference on Computer Vision},
    year={2018}
}

@InProceedings{wang2018esrgan,
    author = {Wang, Xintao and Yu, Ke and Wu, Shixiang and Gu, Jinjin and Liu, Yihao and Dong, Chao and Qiao, Yu and Loy, Chen Change},
    title = {ESRGAN: Enhanced super-resolution generative adversarial networks},
    booktitle = {The European Conference on Computer Vision Workshops},
    month = {September},
    year = {2018}
}

@inproceedings{sajjadi2016enhancenet,
  title={EnhanceNet: Single Image Super-Resolution through Automated Texture Synthesis},
  author={Sajjadi, Mehdi S. M. and Sch{\"o}lkopf, Bernhard and Hirsch, Michael},
  booktitle={IEEE International Conference on Computer Vision},
  year={2017},
}

@inproceedings{lugmayr2020srflow,
  title={SRFlow: Learning the Super-Resolution Space with Normalizing Flow},
  author={Lugmayr, Andreas and Danelljan, Martin and Van Gool, Luc and Timofte, Radu},
  booktitle={European Conference on Computer Vision},
  year={2020}
}

@inproceedings{li2019srfbn,
    author = {Li, Zhen and Yang, Jinglei and Liu, Zheng and Yang, Xiaomin and Jeon, Gwanggil and Wu, Wei},
    title = {Feedback Network for Image Super-Resolution},
    booktitle = {IEEE Conference on Computer Vision and Pattern Recognition},
    year= {2019}
}
@article{Wang2018AFP,
  title={A Fully Progressive Approach to Single-Image Super-Resolution},
  author={Yifan Wang and Federico Perazzi and Brian McWilliams and Alexander Sorkine-Hornung and O. Sorkine-Hornung and Christopher Schroers},
  journal={IEEE Conference on Computer Vision and Pattern Recognition Workshops},
  year={2018},
}

@article{Nataraj2019DetectingGG,
  title={Detecting GAN generated Fake Images using Co-occurrence Matrices},
  author={L. Nataraj and Tajuddin Manhar Mohammed and B. S. Manjunath and S. Chandrasekaran and A. Flenner and Jawadul H. Bappy and A. Roy-Chowdhury},
  journal={ArXiv},
  year={2019},
  volume={abs/1903.06836}
}

@InProceedings{Dai_2019_CVPR,
author = {Dai, Tao and Cai, Jianrui and Zhang, Yongbing and Xia, Shu-Tao and Zhang, Lei},
title = {Second-Order Attention Network for Single Image Super-Resolution},
booktitle = {CVF Conference on Computer Vision and Pattern Recognition},
month = {June},
year = {2019}
}

@incollection{oh2019towards,
  title={Towards reverse-engineering black-box neural networks},
  author={Oh, Seong Joon and Schiele, Bernt and Fritz, Mario},
  booktitle={Explainable AI: Interpreting, Explaining and Visualizing Deep Learning},
  year={2019},
  publisher={Springer}
}

@article{Ateniese2015HackingSM,
  title={Hacking smart machines with smarter ones: How to extract meaningful data from machine learning classifiers},
  author={G. Ateniese and L. Mancini and A. Spognardi and Antonio Villani and Domenico Vitali and Giovanni Felici},
  journal={Int. J. Secur. Networks},
  year={2015},
  volume={10},
  pages={137-150}
}
@InProceedings{Ma_2020_CVPR,
author = {Ma, Cheng and Rao, Yongming and Cheng, Yean and Chen, Ce and Lu, Jiwen and Zhou, Jie},
title = {Structure-Preserving Super Resolution With Gradient Guidance},
booktitle = {IEEE Conference on Computer Vision and Pattern Recognition},
month = {June},
year = {2020}
}

@inproceedings{kim2021noise,
  title={Noise Conditional Flow Model for Learning the Super-Resolution Space},
  author={Kim, Younggeun and Son, Donghee},
  booktitle={IEEE Conference on Computer Vision and Pattern Recognition},
  year={2021}
}
@inproceedings{guo2020closed,
  title={Closed-loop matters: Dual regression networks for single image super-resolution},
  author={Guo, Yong and Chen, Jian and Wang, Jingdong and Chen, Qi and Cao, Jiezhang and Deng, Zeshuai and Xu, Yanwu and Tan, Mingkui},
  booktitle={IEEE Conference on Computer Vision and Pattern Recognition},
  year={2020}
}
@article{Shokri2017MembershipIA,
  title={Membership Inference Attacks Against Machine Learning Models},
  author={R. Shokri and Marco Stronati and Congzheng Song and Vitaly Shmatikov},
  journal={IEEE Symposium on Security and Privacy},
  year={2017},
  pages={3-18}
}

@article{Asnani2021ReverseEO,
  title={Reverse Engineering of Generative Models: Inferring Model Hyperparameters from Generated Images},
  author={Vishal Asnani and Xi Yin and Tal Hassner and Xiaoming Liu},
  journal={arXiv/2106.07873},
  year={2021},
}

@InProceedings{Umer_2020_ECCVW,
   author = {Muhammad Umer, Rao and Micheloni, Christian},
   title = {Deep Cyclic Generative Adversarial Residual Convolutional Networks for Real Image Super-Resolution},
   booktitle = {European Conference on Computer Vision Workshops},
   month = {August},
   year = {2020}
}

% -- example citations -------------------------
@misc{Authors14,
 author = {Authors},
 title = {The frobnicatable foo filter},
 note = {{BMVC14} submission ID 324. Supplied as additional material {\tt bmvc14.pdf}},
 year = 2014
}

@misc{Authors14b,
 author = {Authors},
 title = {Frobnication tutorial},
 note = {Supplied as additional material {\tt tr.pdf}},
 year = 2014
}

@article{Alpher02,
author = {A. Alpher},
title = {Frobnication},
journal = {Journal of Foo},
volume = 12,
number = 1,
pages = {234--778},
year = 2002
}

@article{Alpher03,
author = {A. Alpher and J.~P.~N. Fotheringham-Smythe},
title = {Frobnication revisited},
journal = {Journal of Foo},
volume = 13,
number = 1,
pages = {234--778},
year = 2003
}

@article{Alpher04,
author = {A. Alpher and J.~P.~N. Fotheringham-Smythe and G. Gamow},
title = {Can a machine frobnicate?},
journal = {Journal of Foo},
volume = 14,
number = 1,
pages = {234--778},
year = 2004
}
